% Tamsin Lee 2016

@article{Lee,
author = {Lee, Tamsin E and Roberts, David L},
title = {{Devaluing rhino horns as a theoretical game}},
year = {2016},
journal = "Ecological Modelling",
volume = "337",
number = "",
pages = "73 - 78",
year = "2016",
doi = "http://dx.doi.org/10.1016/j.ecolmodel.2016.06.009",
}

% Nowak's Evolutionary Game Theory book
@misc{nowak2006evolutionary,
  title={Evolutionary Dynamics: Exploring the Equations of Life},
  author={Nowak, Martin A},
  year={2006},
  journal="Harvard University Press"
}

% random trees 
% @article{Geurts2006,
% author = {Geurts, Pierre and Ernst, Damien and Wehenkel, Louis},
% pages = {3--42},
% title = {{Extremely randomized trees}},
% year = {2006},
% journal="Machine Learning",
% doi="10.1007/s10994-006-6226-1",
%}

@article{Smith,
author = {Smith, J. Maynard and Price, G. R.},
title = {{The Logic of Animal Conflict}},
year = {1973},
journal = "Nature",
volume = "246",
number = "",
pages = "15 - 18",
doi = "http://dx.doi.org/10.1038/246015a0",
}

@online{Saverhino,
  author = {Save the Rhino},
  title = {Save the Rhino: Rhino Conservation},
  url = {https://www.savetherhino.org/},
  urldate = {2017-09-17}
}

@article{Smith1993, 
title={New rhino conservation project in South Africa to understand landowner decision-making}, 
volume={47}, 
DOI={10.1017/S0030605313000768}, 
number={3}, 
journal={Oryx}, 
publisher={Cambridge University Press}, 
author={Smith, Robert J. and Roberts, David L. and Duffy, Rosaleen and St John, Freya A.V.}, 
year={2013}, 
pages={323–323}}

@book{Nowell1992,
title = { The horns of a dilemma : the market for rhino horn in Taiwan : final report for WWF Project II3637.03 },
author = { Nowell, Kristin and Chyi, Wei-Lien and Pei, Chia-Jai and International Traffic Network },
publisher = { Cambridge, U.K. : TRAFFIC International },
year = { 1992 },
isbn = { 0947613579 }
}

@article{duffy_st,
title={The militarization of anti-poaching: undermining long term goals?}, 
volume={42}, 
DOI={10.1017/S0376892915000119}, 
number={4}, 
journal={Environmental Conservation}, 
publisher={Cambridge University Press}, 
author={Duffy, R. and St John F. A. and Buscher B. and Brockington, D.}, 
year={2015}, pages={345–348}}

@article{Milner1992,
 ISSN = {00218901, 13652664},
 author = {E. J. Milner-Gulland and N. Leader-Williams},
 journal = {Journal of Applied Ecology},
 number = {2},
 pages = {388-401},
 publisher = {[British Ecological Society, Wiley]},
 title = {A Model of Incentives for the Illegal Exploitation of Black Rhinos and Elephants: Poaching Pays in Luangwa Valley, Zambia},
 volume = {29},
 year = {1992}
}

@article {Ferreira2014,
	title = {Management strategies to curb rhino poaching: Alternative options using a cost{\textendash}benefit approach},
	year = {2014},
	month = {May},
	doi = {10.1590/ sajs.2014/20120055},
	author = {Sam M. Ferreira and Mich{\`e}le Pfab and Mike Knight}
}