@article{Lee,
author = {Lee, T. E. and Roberts, D. L.},
title = {{Devaluing rhino horns as a theoretical game}},
year = {2016},
journal = "Ecological Modelling",
volume = "337",
number = "",
pages = "73 - 78",
year = "2016",
doi = "http://dx.doi.org/10.1016/j.ecolmodel.2016.06.009",
}
